@article{strubell2011introduction,
  title={An introduction to quantum algorithms},
  author={Strubell, Emma},
  journal={COS498 Chawathe Spring},
  volume={13},
  pages={19},
  year={2011},
  publisher={Citeseer}
}